@article{hearing,
    author  = "Duan, Zhiyao and Pardo, Bryan and Zhang, Changshui",
    journal = "IEEE Transactions on Audio, Speech, and Language Processing",
    title   = "Multiple Fundamental Frequency Estimation by Modeling Spectral Peaks and Non-Peak Regions",
    year    = "2010",
    volume  = "18",
    number  = "8",
    pages   = "2121-2133"
}

@techreport{nopoly,
    author  = "Eric J. Anderson",
    title   = "Limitations of Short-Time Fourier Transforms in Polyphonic Pitch Recognition",
    institution = "University of Washington, Department of Computer Science and Engineering",
    type    = "Ph.D. qualifying project report",
    year    = "1997"
}


@article{ik,
    author  = "Luc de Jonckheere",
    title   = "Real-time guitar transcription using {F}ourier transform based methods; A pitch estimation framework and overtone sieve algorithm",
    publisher = "Leiden University",
    year    = "2021"
}





@article{mono,
    author  = "K.A. Akant, R. Pande, S.S. Limaye",
    title   = "Accurate Monophonic Pitch Tracking Algorithm for {QBH} and Microtone Research",
    journal = "The Pacific Journal of Science and Technology",
    volume  = "11",
    number  = "2",
    pages   = "342-352",
    year    = "2010"
}

@book{window,
    author  = "K. M. M. Prabhu",
    title   = "Window Functions and Their Applications in Signal Processing",
    year    = "2013",
    publisher   = "CRC Press"
}

@article{twotimes,
    title   = "{FFTW3} page about two times speed-up by omitting complex part.",
    note    = "\\\url{http://www.fftw.org/fftw3_doc/One_002dDimensional-DFTs-of-Real-Data.html}\\Last accessed on 12-04-2021"
}
